@article{fisher1936use,
  title={Un article important},
  author={Flen, Ben Foulen},
  journal={Un journal},
  volume={7},
  number={2},
  pages={253--257},
  year={2021},
  publisher={Un grand \'editeur}
}

@misc{insat,
  title = {Site Web de l'INSAT},
  howpublished = {\url{http://www.insat.rnu.tn}},
  note = {Consult\'e le 24/03/2021}
}

@inproceedings{chen2019exploring,
  author = {Cheng, Tao and Chen, Tianfeng and Zhang, Yang},
  title = {Exploring the Homogeneity of Offenders in Crime Hotspots},
  booktitle = {Geographical Information Science Research- UK (GISRUK) 2019 Proceedings},
  year = {2019},
  address = {Newcastle, UK},
  url = {https://discovery.ucl.ac.uk/id/eprint/10085142},
  note = {Green open access},
  keywords = {Spatial-temporal clustering, homogenous offenders, ST-DBSCAN, entropy, unsupervised learning}
}

@inproceedings{zhuang2017crime,
  author = {Zhuang, Yong and Almeida, Matthew and Morabito, Melissa and Ding, Wei},
  booktitle = {2017 IEEE International Conference on Big Knowledge (ICBK)},
  title = {Crime Hot Spot Forecasting: A Recurrent Model with Spatial and Temporal Information},
  year = {2017},
  pages = {143-150},
  doi = {10.1109/ICBK.2017.3},
  keywords = {Predictive models; Recurrent neural networks; Forecasting; History; Indexes; Time series analysis}
}

@article{el2024survey,
  title = {A survey of anomaly detection techniques in geographical information systems},
  author = {El-Fishawy, Karim and El-Bakry, Hazem and El-Sayed, Hossam and Hassanien, Aboul Ella},
  journal = {Journal of Ambient Intelligence and Humanized Computing},
  pages = {1--28},
  year = {2024},
  publisher = {Springer}
}

@article{BIRANT2007208dbscan,
  title = {ST-DBSCAN: An algorithm for clustering spatial-temporal data},
  author = {Derya Birant and Alp Kut},
  journal = {Data \& Knowledge Engineering},
  volume = {60},
  number = {1},
  pages = {208-221},
  year = {2007},
  issn = {0169-023X},
  doi = {10.1016/j.datak.2006.01.013},
  keywords = {Data mining, Cluster analysis, Spatial-temporal data, Cluster visualization, Algorithms}
}

@misc{librosa,
  title        = {Librosa: Python library for audio and music analysis},
  author       = {Brian McFee and others},
  year         = {2015},
  howpublished = {https://librosa.org/},
  note         = {Accessed: 2025-08-26}
}


@inproceedings{NEURIPS2020_92d1e1ebWav2Vec,
 author = {Baevski, Alexei and Zhou, Yuhao and Mohamed, Abdelrahman and Auli, Michael},
 booktitle = {Advances in Neural Information Processing Systems},
 editor = {H. Larochelle and M. Ranzato and R. Hadsell and M.F. Balcan and H. Lin},
 pages = {12449--12460},
 publisher = {Curran Associates, Inc.},
 title = {wav2vec 2.0: A Framework for Self-Supervised Learning of Speech Representations},
 url = {https://proceedings.neurips.cc/paper_files/paper/2020/file/92d1e1eb1cd6f9fba3227870bb6d7f07-Paper.pdf},
 volume = {33},
 year = {2020}
}


@misc{wang2022finetunedwav2vec20hubertbenchmark,
      title={A Fine-tuned Wav2vec 2.0/HuBERT Benchmark For Speech Emotion Recognition, Speaker Verification and Spoken Language Understanding}, 
      author={Yingzhi Wang and Abdelmoumene Boumadane and Abdelwahab Heba},
      year={2022},
      eprint={2111.02735},
      archivePrefix={arXiv},
      primaryClass={cs.CL},
      url={https://arxiv.org/abs/2111.02735}, 
}